{{{'symbol': 'NOK', 'balancesheet': [{'accountsPayable': 3716298674.494, 'capitalSurplus': None, 'commonStock': 5613000000, 'currency': 'USD', 'currentAssets': 20439055987.476, 'currentCash': 8955728286.624, 'currentLongTermDebt': 1027937366.232, 'filingType': '6-K', 'fiscalDate': '2020-09-30', 'fiscalQuarter': 3, 'fiscalYear': 2020, 'goodwill': 6378844204.152, 'intangibleAssets': 2483008523.912, 'inventory': 3221105103.09, 'longTermDebt': 6827099996.276, 'longTermInvestments': 25097630581.016, 'minorityInterest': 97395892.006, 'netTangibleAssets': 8901749840.451994, 'otherAssets': 7481882017.232, 'otherCurrentAssets': 3408856220.21, 'otherCurrentLiabilities': 8601348053.06, 'otherLiabilities': 7246019676.35, 'propertyPlantEquipment': 2041793398.68, 'receivables': 4853366377.552, 'reportDate': '2020-10-29', 'retainedEarnings': -1703841387.864, 'shareholderEquity': 17761255679.552, 'shortTermInvestments': 3408856220.21, 'symbol': 'NOK', 'totalAssets': 45536686568.492, 'totalCurrentLiabilities': 13345584093.786, 'totalLiabilities': 27773083999.975998, 'treasuryStock': -413052457.664, 'id': 'BALANCE_SHEET', 'key': 'NOK', 'subkey': 'quarterly', 'date': 1601424000000, 'updated': 1611842759000}, {'accountsPayable': 3658125421.3035, 'capitalSurplus': None, 'commonStock': 5610000000, 'currency': 'USD', 'currentAssets': 19759496515.3174, 'currentCash': 8414250393.0259, 'currentLongTermDebt': 1104742638.7531, 'filingType': '6-K', 'fiscalDate': '2020-06-30', 'fiscalQuarter': 2, 'fiscalYear': 2020, 'goodwill': 6303663744.4213, 'intangibleAssets': 2570240503.3859, 'inventory': 3219824679.5805, 'longTermDebt': 6641942009.187, 'longTermInvestments': 24711171048.7316, 'minorityInterest': 87660148.3446, 'netTangibleAssets': 8254663969.116501, 'otherAssets': 7265677680.1005, 'otherCurrentAssets': 2875927174.5363, 'otherCurrentLiabilities': 8376039559.1321, 'otherLiabilities': 7203866037.037, 'propertyPlantEquipment': 1989211058.589, 'receivables': 5249494268.1747, 'reportDate': '2020-07-31', 'retainedEarnings': -1847606203.5708, 'shareholderEquity': 17127444368.868, 'shortTermInvestments': 2875927174.5363, 'symbol': 'NOK', 'totalAssets': 44470667564.049, 'totalCurrentLiabilities': 13138907619.1887, 'totalLiabilities': 27342099347.125298, 'treasuryStock': -395594515.6064, 'id': 'BALANCE_SHEET', 'key': 'NOK', 'subkey': 'quarterly', 'date': 1593475200000, 'updated': 1611842759000}, {'accountsPayable': 3497682165.785, 'capitalSurplus': None, 'commonStock': 5608137000, 'currency': 'USD', 'currentAssets': 18439119398.7116, 'currentCash': 6956807205.333, 'currentLongTermDebt': 1185356223.7432, 'filingType': '6-K', 'fiscalDate': '2020-03-31', 'fiscalQuarter': 1, 'fiscalYear': 2020, 'goodwill': 6405991116.233, 'intangibleAssets': 2617478055.4032, 'inventory': 3119822328.6624, 'longTermDebt': 5377066661.7942, 'longTermInvestments': 25354064581.273, 'minorityInterest': 87028942.0778, 'netTangibleAssets': 8516718369.664196, 'otherAssets': 7714730143.9346, 'otherCurrentAssets': 3007455846.486, 'otherCurrentLiabilities': 8739248069.6606, 'otherLiabilities': 7008583917.7084, 'propertyPlantEquipment': 2010478725.215, 'receivables': 5355034018.2302, 'reportDate': '2020-04-30', 'retainedEarnings': -1908026932.6424, 'shareholderEquity': 17543492437.835, 'shortTermInvestments': 3007455846.486, 'symbol': 'NOK', 'totalAssets': 43793183979.9846, 'totalCurrentLiabilities': 13422286459.1888, 'totalLiabilities': 26252996438.6842, 'treasuryStock': -387774526.7264, 'id': 'BALANCE_SHEET', 'key': 'NOK', 'subkey': 'quarterly', 'date': 1585612800000, 'updated': 1611842760000}, {'accountsPayable': 4242953346.621, 'capitalSurplus': None, 'commonStock': 5604977000, 'currency': 'USD', 'currentAssets': 18836650779.188, 'currentCash': 6732018159.8395, 'currentLongTermDebt': 617503247.2235, 'filingType': '20-F', 'fiscalDate': '2019-12-31', 'fiscalQuarter': 4, 'fiscalYear': 2019, 'goodwill': 0, 'intangibleAssets': 8916253783.866, 'inventory': 3290362130.396, 'longTermDebt': 5330028028.666, 'longTermInvestments': 25013924642.52, 'minorityInterest': 85172861.686, 'netTangibleAssets': 8258405496.896503, 'otherAssets': 7260986458.7315, 'otherCurrentAssets': 3182775357.74, 'otherCurrentLiabilities': 8649528243.323, 'otherLiabilities': 7313659149.511, 'propertyPlantEquipment': 2080010938.016, 'receivables': 5631495131.2125, 'reportDate': '2020-03-05', 'retainedEarnings': -1807681919.7305, 'shareholderEquity': 17174659280.7625, 'shortTermInvestments': 3182775357.74, 'symbol': 'NOK', 'totalAssets': 43850575421.708, 'totalCurrentLiabilities': 13509984837.1675, 'totalLiabilities': 26675916140.9455, 'treasuryStock': -394484833.072, 'id': 'BALANCE_SHEET', 'key': 'NOK', 'subkey': 'quarterly', 'date': 1577750400000, 'updated': 1611842760000}, {'accountsPayable': 4221453514.248, 'capitalSurplus': None, 'commonStock': 5599834000, 'currency': 'USD', 'currentAssets': 18152250111.2664, 'currentCash': 5275723252.0032, 'currentLongTermDebt': 717428369.2608, 'filingType': '6-K', 'fiscalDate': '2019-09-30', 'fiscalQuarter': 3, 'fiscalYear': 2019, 'goodwill': 6180164199.2268, 'intangibleAssets': 2957204741.5872, 'inventory': 3983039818.3656, 'longTermDebt': 5246194950.2196, 'longTermInvestments': 24630978250.7496, 'minorityInterest': 86397623.7372, 'netTangibleAssets': 6557470277.5728, 'otherAssets': 6554189355.1524, 'otherCurrentAssets': 3888986708.9808, 'otherCurrentLiabilities': 8613514994.3568, 'otherLiabilities': 7851247352.0172, 'propertyPlantEquipment': 2006830880.478, 'receivables': 5004500331.9168, 'reportDate': '2019-10-24', 'retainedEarnings': -2377575113.9832, 'shareholderEquity': 15692651936.7732, 'shortTermInvestments': 3888986708.9808, 'symbol': 'NOK', 'totalAssets': 42783228362.016, 'totalCurrentLiabilities': 13552396877.8656, 'totalLiabilities': 27088389143.6292, 'treasuryStock': -402459816.9024, 'id': 'BALANCE_SHEET', 'key': 'NOK', 'subkey': 'quarterly', 'date': 1569801600000, 'updated': 1611842760000}, {'accountsPayable': 4431042330.4554, 'capitalSurplus': None, 'commonStock': 5598710000, 'currency': 'USD', 'currentAssets': 18971324533.4752, 'currentCash': 5448338643.6108, 'currentLongTermDebt': 637232589.896, 'filingType': '6-K', 'fiscalDate': '2019-06-30', 'fiscalQuarter': 2, 'fiscalYear': 2019, 'goodwill': 6232362312.2507, 'intangibleAssets': 3287437414.6599, 'inventory': 4103322712.7946, 'longTermDebt': 5344788347.7527, 'longTermInvestments': 25318616294.975, 'minorityInterest': 89895311.7889, 'netTangibleAssets': 6751251706.880302, 'otherAssets': 6756941283.5758, 'otherCurrentAssets': 3930359581.2514, 'otherCurrentLiabilities': 9055530268.5578, 'otherLiabilities': 8125853436.5131, 'propertyPlantEquipment': 2027765134.2762, 'receivables': 5489303595.8184, 'reportDate': '2019-07-25', 'retainedEarnings': -2262175694.1308, 'shareholderEquity': 16271051433.7909, 'shortTermInvestments': 3930359581.2514, 'symbol': 'NOK', 'totalAssets': 44289940828.4502, 'totalCurrentLiabilities': 14123805188.9092, 'totalLiabilities': 28018889394.6593, 'treasuryStock': -418752844.7888, 'id': 'BALANCE_SHEET', 'key': 'NOK', 'subkey': 'quarterly', 'date': 1561852800000, 'updated': 1611842760000}, {'accountsPayable': 4691953764.8403, 'capitalSurplus': None, 'commonStock': 5596127000, 'currency': 'USD', 'currentAssets': 20226686117.5512, 'currentCash': 7175401189.2822, 'currentLongTermDebt': 1130063965.8441, 'filingType': '6-K', 'fiscalDate': '2019-03-31', 'fiscalQuarter': 1, 'fiscalYear': 2019, 'goodwill': 6202446414.3201, 'intangibleAssets': 3522612501.2757, 'inventory': 3959151610.2264, 'longTermDebt': 5008416563.6169, 'longTermInvestments': 25311412859.5965, 'minorityInterest': 96509931.5418, 'netTangibleAssets': 7031758500.475798, 'otherAssets': 6760184041.9512, 'otherCurrentAssets': 3506901582.1875, 'otherCurrentLiabilities': 9602738188.409101, 'otherLiabilities': 7879025922.7323, 'propertyPlantEquipment': 1994164515.6951, 'receivables': 5585231735.8551, 'reportDate': '2019-04-25', 'retainedEarnings': -1693412636.0067, 'shareholderEquity': 16757939624.5779, 'shortTermInvestments': 3506901582.1875, 'symbol': 'NOK', 'totalAssets': 45538098977.1477, 'totalCurrentLiabilities': 15424755919.0935, 'totalLiabilities': 28781281561.0761, 'treasuryStock': -412972730.3184, 'id': 'BALANCE_SHEET', 'key': 'NOK', 'subkey': 'quarterly', 'date': 1553990400000, 'updated': 1611842760000}, {'accountsPayable': 5455430742.6324, 'capitalSurplus': None, 'commonStock': 5593459000, 'currency': 'USD', 'currentAssets': 20877623705.2008, 'currentCash': 7855683112.1124, 'currentLongTermDebt': 1136119454.8872, 'filingType': '20-F', 'fiscalDate': '2018-12-31', 'fiscalQuarter': 4, 'fiscalYear': 2018, 'goodwill': 0, 'intangibleAssets': 10063915292.034, 'inventory': 3620952145.9584, 'longTermDebt': 3232339857.5664, 'longTermInvestments': 24289411001.8188, 'minorityInterest': 93724140.1416, 'netTangibleAssets': 7411064935.099194, 'otherAssets': 5606303748.714, 'otherCurrentAssets': 3850690587.0372, 'otherCurrentLiabilities': 9529001906.835602, 'otherLiabilities': 7845396316.2432, 'propertyPlantEquipment': 2045929400.652, 'receivables': 5550297860.0928, 'reportDate': '2019-03-21', 'retainedEarnings': -1213841912.5656, 'shareholderEquity': 17474980227.1332, 'shortTermInvestments': 3850690587.0372, 'symbol': 'NOK', 'totalAssets': 45167034707.0196, 'totalCurrentLiabilities': 16120552104.3552, 'totalLiabilities': 27692054479.8864, 'treasuryStock': -466334746.0704, 'id': 'BALANCE_SHEET', 'key': 'NOK', 'subkey': 'quarterly', 'date': 1546214400000, 'updated': 1611842760000}, {'accountsPayable': 4672376575.4952, 'capitalSurplus': None, 'commonStock': 5588000000, 'currency': 'USD', 'currentAssets': 20031102755.352, 'currentCash': 6513009771.9024, 'currentLongTermDebt': 1122252396.5484, 'filingType': '6-K', 'fiscalDate': '2018-09-03', 'fiscalQuarter': 3, 'fiscalYear': 2018, 'goodwill': 6278578557.732, 'intangibleAssets': 3973725135.2448, 'inventory': 3689390246.7708, 'longTermDebt': 3212403964.4736, 'longTermInvestments': 24690713274.63, 'minorityInterest': 78917438.4336, 'netTangibleAssets': 7122298818.632404, 'otherAssets': 5668128960.4368, 'otherCurrentAssets': 4191908641.5024, 'otherCurrentLiabilities': 9754427500.506, 'otherLiabilities': 8026367708.9232, 'propertyPlantEquipment': 2034445140.7956, 'receivables': 5636794095.1764, 'reportDate': '2018-10-25', 'retainedEarnings': -1454169858.1956, 'shareholderEquity': 17374602511.6092, 'shortTermInvestments': 4191908641.5024, 'symbol': 'NOK', 'totalAssets': 44721816029.982, 'totalCurrentLiabilities': 15549056472.5496, 'totalLiabilities': 27347213518.372803, 'treasuryStock': -483949585.6884, 'id': 'BALANCE_SHEET', 'key': 'NOK', 'subkey': 'quarterly', 'date': 1535932800000, 'updated': 1611842760000}, {'accountsPayable': 4563591897.93, 'capitalSurplus': None, 'commonStock': 5587000000, 'currency': 'USD', 'currentAssets': 20031828128.3753, 'currentCash': 6857089364.582, 'currentLongTermDebt': 1106963573.1902, 'filingType': '6-K', 'fiscalDate': '2018-06-30', 'fiscalQuarter': 2, 'fiscalYear': 2018, 'goodwill': 6300097122.6808, 'intangibleAssets': 4266373348.6802, 'inventory': 3436735744.6719, 'longTermDebt': 3242490551.0677, 'longTermInvestments': 25066991189.0914, 'minorityInterest': 81910623.809, 'netTangibleAssets': 7004528487.438196, 'otherAssets': 5733743666.63, 'otherCurrentAssets': 3942241308.7503, 'otherCurrentLiabilities': 8941129664.6367, 'otherLiabilities': 9124843492.3226, 'propertyPlantEquipment': 2085210451.8234, 'receivables': 5795761710.3711, 'reportDate': '2018-07-26', 'retainedEarnings': -1373758176.4538, 'shareholderEquity': 17574509414.1053, 'shortTermInvestments': 3942241308.7503, 'symbol': 'NOK', 'totalAssets': 45098819317.4667, 'totalCurrentLiabilities': 14611685135.7569, 'totalLiabilities': 27527820358.667503, 'treasuryStock': -487953287.5479, 'id': 'BALANCE_SHEET', 'key': 'NOK', 'subkey': 'quarterly', 'date': 1530316800000, 'updated': 1611842760000}, {'accountsPayable': 4418908588.5952, 'capitalSurplus': None, 'commonStock': 5583621000, 'currency': 'USD', 'currentAssets': 22686361057.52, 'currentCash': 9736640938.6541, 'currentLongTermDebt': 675659014.1044, 'filingType': '6-K', 'fiscalDate': '2018-03-31', 'fiscalQuarter': 1, 'fiscalYear': 2018, 'goodwill': 6366976548.9692, 'intangibleAssets': 4626044928.6856, 'inventory': 3423914383.5181, 'longTermDebt': 3910931373.6116, 'longTermInvestments': 25721894803.3686, 'minorityInterest': 97403398.0187, 'netTangibleAssets': 8480260399.6534, 'otherAssets': 5819544793.016, 'otherCurrentAssets': 3871476832.642, 'otherCurrentLiabilities': 9561561413.1015, 'otherLiabilities': 9766231844.3813, 'propertyPlantEquipment': 2205755431.0817, 'receivables': 5654328902.7058, 'reportDate': '2018-04-26', 'retainedEarnings': 188642024.0109, 'shareholderEquity': 19473281877.3082, 'shortTermInvestments': 3871476832.642, 'symbol': 'NOK', 'totalAssets': 48408255860.8886, 'totalCurrentLiabilities': 14656129015.8011, 'totalLiabilities': 28934973983.5804, 'treasuryStock': -515374941.4154, 'id': 'BALANCE_SHEET', 'key': 'NOK', 'subkey': 'quarterly', 'date': 1522454400000, 'updated': 1611842760000}, {'accountsPayable': 4771912840.0704, 'capitalSurplus': None, 'commonStock': 5591206000, 'currency': 'USD', 'currentAssets': 23693574239.1984, 'currentCash': 9887747326.272, 'currentLongTermDebt': 368999266.1616, 'filingType': '20-F', 'fiscalDate': '2017-12-31', 'fiscalQuarter': 4, 'fiscalYear': 2017, 'goodwill': 0, 'intangibleAssets': 11009075193.3456, 'inventory': 3159780123.8304, 'longTermDebt': 4128253925.9568, 'longTermInvestments': 25296153576.3792, 'minorityInterest': 95533790.592, 'netTangibleAssets': 8262478713.825596, 'otherAssets': 5447814408.5088, 'otherCurrentAssets': 2430140798.184, 'otherCurrentLiabilities': 10077620735.073599, 'otherLiabilities': 9782660156.6208, 'propertyPlantEquipment': 2212801424.5872, 'receivables': 8215905990.912, 'reportDate': '2018-03-22', 'retainedEarnings': 1369715722.6128, 'shareholderEquity': 19271553907.1712, 'shortTermInvestments': 2430140798.184, 'symbol': 'NOK', 'totalAssets': 48989727815.5776, 'totalCurrentLiabilities': 15218532841.3056, 'totalLiabilities': 29718173908.4064, 'treasuryStock': -1767375125.952, 'id': 'BALANCE_SHEET', 'key': 'NOK', 'subkey': 'quarterly', 'date': 1514678400000, 'updated': 1611842760000}]}{'symbol': 'NOK', 'income': [{'costOfRevenue': 3892315346.794, 'currency': 'USD', 'ebit': 411879013.182, 'filingType': '6-K', 'fiscalDate': '2020-09-30', 'fiscalQuarter': 3, 'fiscalYear': 2020, 'grossProfit': 2319899740.914, 'incomeTax': 86834891.668, 'interestIncome': 0, 'minorityInterest': 4693777.928, 'netIncome': 226474785.026, 'netIncomeBasic': 226474785.026, 'operatingExpense': 5800336074.526, 'operatingIncome': 411879013.18200016, 'otherIncomeExpenseNet': 0, 'pretaxIncome': 326217565.996, 'reportDate': '2020-10-29', 'researchAndDevelopment': 1050232811.39, 'sellingGeneralAndAdmin': 755698246.408, 'symbol': 'NOK', 'totalRevenue': 6212215087.708, 'id': 'INCOME', 'key': 'NOK', 'subkey': 'quarterly', 'date': 1601424000000, 'updated': 1608330865000}, {'costOfRevenue': 3468195099.8902, 'currency': 'USD', 'ebit': 197797257.8032, 'filingType': '6-K', 'fiscalDate': '2020-06-30', 'fiscalQuarter': 2, 'fiscalYear': 2020, 'grossProfit': 2254439199.7342, 'incomeTax': 89907844.456, 'interestIncome': 0, 'minorityInterest': 5619240.2785, 'netIncome': 105641717.2358, 'netIncomeBasic': 105641717.2358, 'operatingExpense': 5531580130.1554, 'operatingIncome': 191054169.46899986, 'otherIncomeExpenseNet': 0, 'pretaxIncome': 185434929.1905, 'reportDate': '2020-07-31', 'researchAndDevelopment': 1089008765.9733, 'sellingGeneralAndAdmin': 764216677.876, 'symbol': 'NOK', 'totalRevenue': 5722634299.6244, 'id': 'INCOME', 'key': 'NOK', 'subkey': 'quarterly', 'date': 1593475200000, 'updated': 1611842759000}, {'costOfRevenue': 3453616878.657, 'currency': 'USD', 'ebit': -89232206.4342003, 'filingType': '6-K', 'fiscalDate': '2020-03-31', 'fiscalQuarter': 1, 'fiscalYear': 2020, 'grossProfit': 1958702012.8396, 'incomeTax': -33048965.346, 'interestIncome': 0, 'minorityInterest': 1101632.1782, 'netIncome': -128890964.8494, 'netIncomeBasic': -128890964.8494, 'operatingExpense': 5501551097.9308, 'operatingIncome': -89232206.43420029, 'otherIncomeExpenseNet': 0, 'pretaxIncome': -144313815.3442, 'reportDate': '2020-04-30', 'researchAndDevelopment': 1087310959.8834, 'sellingGeneralAndAdmin': 839443719.7884, 'symbol': 'NOK', 'totalRevenue': 5412318891.4966, 'id': 'INCOME', 'key': 'NOK', 'subkey': 'quarterly', 'date': 1585612800000, 'updated': 1611842760000}, {'costOfRevenue': 4729684168.2494, 'currency': 'USD', 'ebit': 628834665.4326, 'filingType': '20-F', 'fiscalDate': '2019-12-31', 'fiscalQuarter': 4, 'fiscalYear': 2019, 'grossProfit': 3054647773.0263, 'incomeTax': 278862434.6422, 'interestIncome': 263363453.8975, 'minorityInterest': -2180472.5781, 'netIncome': 636145969.856702, 'netIncomeBasic': 636145969.856702, 'operatingExpense': 7640839612.5687, 'operatingIncome': 143492328.70699978, 'otherIncomeExpenseNet': 475174912.564, 'pretaxIncome': 913965271.4559, 'reportDate': '2020-03-05', 'researchAndDevelopment': 1205563104.1161, 'sellingGeneralAndAdmin': 874147126.7488, 'symbol': 'NOK', 'totalRevenue': 7784331941.2757, 'id': 'INCOME', 'key': 'NOK', 'subkey': 'quarterly', 'date': 1577750400000, 'updated': 1611842760000}, {'costOfRevenue': 4065062878.8756, 'currency': 'USD', 'ebit': 189199859.5764, 'filingType': '6-K', 'fiscalDate': '2019-09-30', 'fiscalQuarter': 3, 'fiscalYear': 2019, 'grossProfit': 2153378748.5892, 'incomeTax': 87491264.544, 'interestIncome': 0, 'minorityInterest': 3280922.4204, 'netIncome': 92959468.578, 'netIncomeBasic': 92959468.578, 'operatingExpense': 6032522690.3088, 'operatingIncome': 185918937.15600014, 'otherIncomeExpenseNet': 0, 'pretaxIncome': 185918937.155999, 'reportDate': '2019-10-24', 'researchAndDevelopment': 1159259255.208, 'sellingGeneralAndAdmin': 808200556.2252, 'symbol': 'NOK', 'totalRevenue': 6218441627.4648, 'id': 'INCOME', 'key': 'NOK', 'subkey': 'quarterly', 'date': 1569801600000, 'updated': 1611842760000}, {'costOfRevenue': 4129494765.5939, 'currency': 'USD', 'ebit': 193445607.646999, 'filingType': '6-K', 'fiscalDate': '2019-06-30', 'fiscalQuarter': 2, 'fiscalYear': 2019, 'grossProfit': 2349795175.2415, 'incomeTax': -52344105.5986, 'interestIncome': 0, 'minorityInterest': 1137915.3391, 'netIncome': -220755575.7854, 'netIncomeBasic': -220755575.7854, 'operatingExpense': 6285844333.1884, 'operatingIncome': 193445607.64699936, 'otherIncomeExpenseNet': 0, 'pretaxIncome': -269685935.3667, 'reportDate': '2019-07-25', 'researchAndDevelopment': 1281292671.8266, 'sellingGeneralAndAdmin': 868229403.7333, 'symbol': 'NOK', 'totalRevenue': 6479289940.8354, 'id': 'INCOME', 'key': 'NOK', 'subkey': 'quarterly', 'date': 1561852800000, 'updated': 1611842760000}, {'costOfRevenue': 3873863763.7476, 'currency': 'USD', 'ebit': -454494445.0515, 'filingType': '6-K', 'fiscalDate': '2019-03-31', 'fiscalQuarter': 1, 'fiscalYear': 2019, 'grossProfit': 1773089439.954, 'incomeTax': -159353607.8946, 'interestIncome': 0, 'minorityInterest': 2244417.0126, 'netIncome': -500504993.8098, 'netIncomeBasic': -500504993.8098, 'operatingExpense': 6101447648.7531, 'operatingIncome': -454494445.0515003, 'otherIncomeExpenseNet': 0, 'pretaxIncome': -655369767.6792, 'reportDate': '2019-04-25', 'researchAndDevelopment': 1297273033.2828, 'sellingGeneralAndAdmin': 924699809.1912, 'symbol': 'NOK', 'totalRevenue': 5646953203.7016, 'id': 'INCOME', 'key': 'NOK', 'subkey': 'quarterly', 'date': 1553990400000, 'updated': 1611842760000}, {'costOfRevenue': 4258158568.325, 'currency': 'USD', 'ebit': 822072474.573099, 'filingType': '20-F', 'fiscalDate': '2018-12-31', 'fiscalQuarter': 4, 'fiscalYear': 2018, 'grossProfit': 2908469852.0975, 'incomeTax': 326213686.5604, 'interestIncome': 235453327.6728, 'minorityInterest': 14094356.8847, 'netIncome': 246127004.929402, 'netIncomeBasic': 246127004.929402, 'operatingExpense': 6442816848.7734, 'operatingIncome': 723811571.6490993, 'otherIncomeExpenseNet': 86866276.2288, 'pretaxIncome': 599686049.1135, 'reportDate': '2019-03-21', 'researchAndDevelopment': 1175172326.6158, 'sellingGeneralAndAdmin': 952805694.0382, 'symbol': 'NOK', 'totalRevenue': 7166628420.4225, 'id': 'INCOME', 'key': 'NOK', 'subkey': 'quarterly', 'date': 1546214400000, 'updated': 1611842760000}, {'costOfRevenue': 3991133393.7228, 'currency': 'USD', 'ebit': 32495415.8255997, 'filingType': '6-K', 'fiscalDate': '2018-09-03', 'fiscalQuarter': 3, 'fiscalYear': 2018, 'grossProfit': 2343151591.1388, 'incomeTax': 17408258.478, 'interestIncome': 0, 'minorityInterest': 0, 'netIncome': -91683494.6508, 'netIncomeBasic': -91683494.6508, 'operatingExpense': 6304110670.1664, 'operatingIncome': 30174314.695199966, 'otherIncomeExpenseNet': 0, 'pretaxIncome': -129981663.302401, 'reportDate': '2018-10-25', 'researchAndDevelopment': 1303298284.7196, 'sellingGeneralAndAdmin': 1009678991.724, 'symbol': 'NOK', 'totalRevenue': 6334284984.8616, 'id': 'INCOME', 'key': 'NOK', 'subkey': 'quarterly', 'date': 1535932800000, 'updated': 1611842760000}, {'costOfRevenue': 4040534057.3211, 'currency': 'USD', 'ebit': -142758515.7814, 'filingType': '6-K', 'fiscalDate': '2018-06-30', 'fiscalQuarter': 2, 'fiscalYear': 2018, 'grossProfit': 2176482289.782, 'incomeTax': -11701517.687, 'interestIncome': 0, 'minorityInterest': -4680607.0748, 'netIncome': -311260370.4742, 'netIncomeBasic': -311260370.4742, 'operatingExpense': 6359774862.8845, 'operatingIncome': -142758515.78139973, 'otherIncomeExpenseNet': 0, 'pretaxIncome': -328812647.0047, 'reportDate': '2018-07-26', 'researchAndDevelopment': 1363226810.5355, 'sellingGeneralAndAdmin': 951333387.9531, 'symbol': 'NOK', 'totalRevenue': 6217016347.1031, 'id': 'INCOME', 'key': 'NOK', 'subkey': 'quarterly', 'date': 1530316800000, 'updated': 1611842760000}, {'costOfRevenue': 3845584790.1307, 'currency': 'USD', 'ebit': -262619288.3289, 'filingType': '6-K', 'fiscalDate': '2018-03-31', 'fiscalQuarter': 1, 'fiscalYear': 2018, 'grossProfit': 2225482701.5665, 'incomeTax': -115897714.0982, 'interestIncome': 0, 'minorityInterest': -3698863.2159, 'netIncome': -231795428.1964, 'netIncomeBasic': -231795428.1964, 'operatingExpense': 6333686780.0261, 'operatingIncome': -262619288.32890034, 'otherIncomeExpenseNet': 0, 'pretaxIncome': -552363573.5744, 'reportDate': '2018-04-26', 'researchAndDevelopment': 1438857790.9851, 'sellingGeneralAndAdmin': 1044312381.2891, 'symbol': 'NOK', 'totalRevenue': 6071067491.6972, 'id': 'INCOME', 'key': 'NOK', 'subkey': 'quarterly', 'date': 1522454400000, 'updated': 1611842760000}, {'costOfRevenue': 5481324910.0532, 'currency': 'USD', 'ebit': 511562127.8592, 'filingType': '20-F', 'fiscalDate': '2017-12-31', 'fiscalQuarter': 4, 'fiscalYear': 2017, 'grossProfit': 3512174216.6654, 'incomeTax': 866038563.3, 'interestIncome': 536183399.6976, 'minorityInterest': 5863043.309, 'netIncome': -538646589.587198, 'netIncomeBasic': -538646589.587198, 'operatingExpense': 8490462225.2146, 'operatingIncome': 503036901.5039997, 'otherIncomeExpenseNet': 0, 'pretaxIncome': 334554728.250599, 'reportDate': '2018-03-22', 'researchAndDevelopment': 1703677411.2882, 'sellingGeneralAndAdmin': 1286403864.539, 'symbol': 'NOK', 'totalRevenue': 8993499126.7186, 'id': 'INCOME', 'key': 'NOK', 'subkey': 'quarterly', 'date': 1514678400000, 'updated': 1611842760000}]}{'symbol': 'NOK', 'cashflow': [{'capitalExpenditures': -398971123.88, 'cashChange': 541477893.5981007, 'cashFlow': 1032631144.16, 'cashFlowFinancing': 1384664488.76, 'changesInInventories': 1280423.5095000267, 'changesInReceivables': -396127890.62269974, 'currency': 'USD', 'depreciation': 1000948143.146, 'dividendsPaid': None, 'exchangeRateEffect': None, 'filingType': '6-K', 'fiscalDate': '2020-09-30', 'fiscalQuarter': 3, 'fiscalYear': 2020, 'investingActivityOther': None, 'investments': None, 'netBorrowings': -4509547144.326, 'netIncome': 226474785.026, 'otherFinancingCashFlows': None, 'reportDate': '2020-10-29', 'symbol': 'NOK', 'totalInvestingCashFlows': -1273187262.97, 'id': 'CASH_FLOW', 'key': 'NOK', 'subkey': 'quarterly', 'date': 1601424000000, 'updated': 1608330864000}, {'capitalExpenditures': -273095077.5351, 'cashChange': 1457443187.6928997, 'cashFlow': 524837042.0119, 'cashFlowFinancing': 1487974825.7468, 'changesInInventories': 100002350.91810036, 'changesInReceivables': -105539750.05550003, 'currency': 'USD', 'depreciation': 645088783.9718, 'dividendsPaid': None, 'exchangeRateEffect': None, 'filingType': '6-K', 'fiscalDate': '2020-06-30', 'fiscalQuarter': 2, 'fiscalYear': 2020, 'investingActivityOther': None, 'investments': None, 'netBorrowings': -3543492919.6221004, 'netIncome': 105641717.2358, 'otherFinancingCashFlows': None, 'reportDate': '2020-07-31', 'symbol': 'NOK', 'totalInvestingCashFlows': -665318048.9744, 'id': 'CASH_FLOW', 'key': 'NOK', 'subkey': 'quarterly', 'date': 1593475200000, 'updated': 1608330864000}, {'capitalExpenditures': -169651355.4428, 'cashChange': 224789045.49349976, 'cashFlow': 147618711.8788, 'cashFlowFinancing': 432941446.0326, 'changesInInventories': -170539801.73360014, 'changesInReceivables': -276461112.9822998, 'currency': 'USD', 'depreciation': 313965170.787, 'dividendsPaid': None, 'exchangeRateEffect': None, 'filingType': '6-K', 'fiscalDate': '2020-03-31', 'fiscalQuarter': 1, 'fiscalYear': 2020, 'investingActivityOther': None, 'investments': None, 'netBorrowings': -3401840166.2816, 'netIncome': -128890964.8494, 'otherFinancingCashFlows': None, 'reportDate': '2020-04-30', 'symbol': 'NOK', 'totalInvestingCashFlows': -313965170.787, 'id': 'CASH_FLOW', 'key': 'NOK', 'subkey': 'quarterly', 'date': 1585612800000, 'updated': 1608330864000}, {'capitalExpenditures': -773279928.465, 'cashChange': 1456294907.8363008, 'cashFlow': 437071263.915, 'cashFlowFinancing': -536813167.7315, 'changesInInventories': -692677687.9696002, 'changesInReceivables': 626994799.2957001, 'currency': 'USD', 'depreciation': 1860354610.51, 'dividendsPaid': None, 'exchangeRateEffect': None, 'filingType': '20-F', 'fiscalDate': '2019-12-31', 'fiscalQuarter': 4, 'fiscalYear': 2019, 'investingActivityOther': None, 'investments': None, 'netBorrowings': -3967262241.6899996, 'netIncome': 636145969.856702, 'otherFinancingCashFlows': None, 'reportDate': '2020-03-05', 'symbol': 'NOK', 'totalInvestingCashFlows': -187156156.5995, 'id': 'CASH_FLOW', 'key': 'NOK', 'subkey': 'quarterly', 'date': 1577750400000, 'updated': 1608330864000}, {'capitalExpenditures': -579959946.34875, 'cashChange': -172615391.6076002, 'cashFlow': 327803447.93625, 'cashFlowFinancing': -402609875.798625, 'changesInInventories': -120282894.4289999, 'changesInReceivables': -484803263.90160084, 'currency': 'USD', 'depreciation': 1395265957.8825, 'dividendsPaid': None, 'exchangeRateEffect': None, 'filingType': '6-K', 'fiscalDate': '2019-09-30', 'fiscalQuarter': 3, 'fiscalYear': 2019, 'investingActivityOther': None, 'investments': None, 'netBorrowings': -3201086641.5035996, 'netIncome': 92959468.578, 'otherFinancingCashFlows': None, 'reportDate': '2019-10-24', 'symbol': 'NOK', 'totalInvestingCashFlows': -140367117.449625, 'id': 'CASH_FLOW', 'key': 'NOK', 'subkey': 'quarterly', 'date': 1569801600000, 'updated': 1608330864000}, {'capitalExpenditures': -386639964.2325, 'cashChange': -1727062545.6714, 'cashFlow': 218535631.9575, 'cashFlowFinancing': -268406583.86575, 'changesInInventories': 144171102.5682001, 'changesInReceivables': -95928140.0366993, 'currency': 'USD', 'depreciation': 930177305.255, 'dividendsPaid': None, 'exchangeRateEffect': None, 'filingType': '6-K', 'fiscalDate': '2019-06-30', 'fiscalQuarter': 2, 'fiscalYear': 2019, 'investingActivityOther': None, 'investments': None, 'netBorrowings': -3396677287.2135, 'netIncome': -220755575.7854, 'otherFinancingCashFlows': None, 'reportDate': '2019-07-25', 'symbol': 'NOK', 'totalInvestingCashFlows': -93578078.29975, 'id': 'CASH_FLOW', 'key': 'NOK', 'subkey': 'quarterly', 'date': 1561852800000, 'updated': 1608330864000}, {'capitalExpenditures': -193319982.11625, 'cashChange': -680281922.8302002, 'cashFlow': 109267815.97875, 'cashFlowFinancing': -134203291.932875, 'changesInInventories': 338199464.2680001, 'changesInReceivables': 34933875.76229954, 'currency': 'USD', 'depreciation': 465088652.6275, 'dividendsPaid': None, 'exchangeRateEffect': None, 'filingType': '6-K', 'fiscalDate': '2019-03-31', 'fiscalQuarter': 1, 'fiscalYear': 2019, 'investingActivityOther': None, 'investments': None, 'netBorrowings': -4543822242.008699, 'netIncome': -500504993.8098, 'otherFinancingCashFlows': None, 'reportDate': '2019-04-25', 'symbol': 'NOK', 'totalInvestingCashFlows': -46789039.149875, 'id': 'CASH_FLOW', 'key': 'NOK', 'subkey': 'quarterly', 'date': 1553990400000, 'updated': 1608330864000}, {'capitalExpenditures': -768080758.2336, 'cashChange': 1342673340.21, 'cashFlow': 411471834.768, 'cashFlowFinancing': -1107545021.9172, 'changesInInventories': -68438100.81240034, 'changesInReceivables': -86496235.08360004, 'currency': 'USD', 'depreciation': 1663031998.854, 'dividendsPaid': None, 'exchangeRateEffect': None, 'filingType': '20-F', 'fiscalDate': '2018-12-31', 'fiscalQuarter': 4, 'fiscalYear': 2018, 'investingActivityOther': None, 'investments': None, 'netBorrowings': -7337914386.696, 'netIncome': 246127004.929402, 'otherFinancingCashFlows': None, 'reportDate': '2019-03-21', 'symbol': 'NOK', 'totalInvestingCashFlows': -360037855.422, 'id': 'CASH_FLOW', 'key': 'NOK', 'subkey': 'quarterly', 'date': 1546214400000, 'updated': 1608330864000}, {'capitalExpenditures': -576060568.6752, 'cashChange': -344079592.67959976, 'cashFlow': 308603876.076, 'cashFlowFinancing': -830658766.4379, 'changesInInventories': 252654502.09890032, 'changesInReceivables': -158967615.19470024, 'currency': 'USD', 'depreciation': 1247273999.1405, 'dividendsPaid': None, 'exchangeRateEffect': None, 'filingType': '6-K', 'fiscalDate': '2018-09-03', 'fiscalQuarter': 3, 'fiscalYear': 2018, 'investingActivityOther': None, 'investments': None, 'netBorrowings': -6370262052.382801, 'netIncome': -91683494.6508, 'otherFinancingCashFlows': None, 'reportDate': '2018-10-25', 'symbol': 'NOK', 'totalInvestingCashFlows': -270028391.5665, 'id': 'CASH_FLOW', 'key': 'NOK', 'subkey': 'quarterly', 'date': 1535932800000, 'updated': 1608330864000}, {'capitalExpenditures': -384040379.1168, 'cashChange': -2879551574.0721006, 'cashFlow': 205735917.384, 'cashFlowFinancing': -553772510.9586, 'changesInInventories': 12821361.15380001, 'changesInReceivables': 141432807.66530037, 'currency': 'USD', 'depreciation': 831515999.427, 'dividendsPaid': None, 'exchangeRateEffect': None, 'filingType': '6-K', 'fiscalDate': '2018-06-30', 'fiscalQuarter': 2, 'fiscalYear': 2018, 'investingActivityOther': None, 'investments': None, 'netBorrowings': -6449876549.0744, 'netIncome': -311260370.4742, 'otherFinancingCashFlows': None, 'reportDate': '2018-07-26', 'symbol': 'NOK', 'totalInvestingCashFlows': -180018927.711, 'id': 'CASH_FLOW', 'key': 'NOK', 'subkey': 'quarterly', 'date': 1530316800000, 'updated': 1608330864000}, {'capitalExpenditures': -192020189.5584, 'cashChange': -151106387.61789894, 'cashFlow': 102867958.692, 'cashFlowFinancing': -276886255.4793, 'changesInInventories': 264134259.6876998, 'changesInReceivables': -2561577088.2061996, 'currency': 'USD', 'depreciation': 415757999.7135, 'dividendsPaid': None, 'exchangeRateEffect': None, 'filingType': '6-K', 'fiscalDate': '2018-03-31', 'fiscalQuarter': 1, 'fiscalYear': 2018, 'investingActivityOther': None, 'investments': None, 'netBorrowings': -9021527383.580101, 'netIncome': -231795428.1964, 'otherFinancingCashFlows': None, 'reportDate': '2018-04-26', 'symbol': 'NOK', 'totalInvestingCashFlows': -90009463.8555, 'id': 'CASH_FLOW', 'key': 'NOK', 'subkey': 'quarterly', 'date': 1522454400000, 'updated': 1608330864000}, {'capitalExpenditures': -717697601.8224, 'cashChange': 2140065571.017599, 'cashFlow': 2162646184.5264, 'cashFlowFinancing': -2088607496.8176, 'changesInInventories': -407735136.9527998, 'changesInReceivables': 70000933.76039982, 'currency': 'USD', 'depreciation': 1899928260.3984, 'dividendsPaid': None, 'exchangeRateEffect': None, 'filingType': '20-F', 'fiscalDate': '2017-12-31', 'fiscalQuarter': 4, 'fiscalYear': 2017, 'investingActivityOther': None, 'investments': None, 'netBorrowings': -7820634932.3376, 'netIncome': -538646589.587198, 'otherFinancingCashFlows': None, 'reportDate': '2018-03-22', 'symbol': 'NOK', 'totalInvestingCashFlows': 11941723.824, 'id': 'CASH_FLOW', 'key': 'NOK', 'subkey': 'quarterly', 'date': 1514678400000, 'updated': 1608330864000}]}}